<?xml version="1.0" encoding="UTF-8"?><record xmlns="http://www.loc.gov/MARC21/slim" xmlns:cinclude="http://apache.org/cocoon/include/1.0" xmlns:zs="http://www.loc.gov/zing/srw/">
  <leader>00474nz  a2200145n  4500</leader>
  <controlfield tag="001">no2006022804</controlfield>
  <controlfield tag="003">DLC</controlfield>
  <controlfield tag="005">20060307051837.0</controlfield>
  <controlfield tag="008">060303n| acannaabn          |n ana     c</controlfield>
  <datafield tag="010" ind1=" " ind2=" ">
    <subfield code="a">no2006022804</subfield>
  </datafield>
  <datafield tag="035" ind1=" " ind2=" ">
    <subfield code="a">(OCoLC)oca06872453</subfield>
  </datafield>
  <datafield tag="040" ind1=" " ind2=" ">
    <subfield code="a">PPi-MA</subfield>
    <subfield code="b">eng</subfield>
    <subfield code="c">PPi-MA</subfield>
  </datafield>
  <datafield tag="110" ind1="2" ind2=" ">
    <subfield code="a">Lords (Punk rock group)</subfield>
  </datafield>
  <datafield tag="670" ind1=" " ind2=" ">
    <subfield code="a">Lords (Punk rock group). Swords [SR] 2005:</subfield>
    <subfield code="b">container spine (Lords)</subfield>
  </datafield>
  <datafield tag="670" ind1=" " ind2=" ">
    <subfield code="a">All music guide WWW site, Mar. 3, 2006</subfield>
    <subfield code="b">(the Lords; punk group from Louisville, Ky.)</subfield>
  </datafield>
</record>